@article{shoemaker:ultrasensitive,
author={Shoemaker, J. E. AND Fukuyama, S. AND Eisfeld, A. J. AND Zhao,
Dongming AND Kawakami, Eiryo AND Sakabe, Saori AND Maemura, Tadashi AND Gorai,
Takeo AND Katsura, Hiroaki AND Muramoto, Yukiko AND Watanabe, Shinji AND
Watanabe, Tokiko AND Fuji, Ken AND Matsuoka, Yukiko AND Kitano, Hiroaki AND
Kawaoka, Yoshihiro},
isbn = {1553-7366},
issn = {15537374},
journal = {PLoS Pathogens},
number = {6},
pages = {1--25},
pmid = {26046528},
title = {{An Ultrasensitive Mechanism Regulates Influenza Virus-Induced Inflammation}},
volume = {11},
year = {2015},
}

